<?xml version="1.0" encoding="UTF-8"?><collection xmlns="http://www.loc.gov/MARC21/slim"><record><leader>00541nam--2200193-i-4500</leader><controlfield tag="001">000004373</controlfield><controlfield tag="002">20161230</controlfield><controlfield tag="005">20161230201025</controlfield><controlfield tag="008">060222s1000------------r-----000-0-eng-d</controlfield><datafield ind1=" " ind2=" " tag="040"><subfield code="a">IFIN-HH</subfield></datafield><datafield ind1=" " ind2=" " tag="080"><subfield code="a">518.9</subfield></datafield><datafield ind1="1" ind2=" " tag="100"><subfield code="a">Blackwell, D</subfield></datafield><datafield ind1="1" ind2="0" tag="245"><subfield code="a">Theory of games and statistical decisions</subfield><subfield code="c">D. blackwell, m.a. girshick</subfield></datafield><datafield ind1=" " ind2=" " tag="260"><subfield code="a">New York</subfield><subfield code="b">John Wiley &amp; Sons, Inc</subfield><subfield code="c">1954</subfield></datafield><datafield ind1=" " ind2=" " tag="300"><subfield code="a">XI + 355 P</subfield></datafield><datafield ind1=" " ind2=" " tag="490"><subfield code="a">Wiley Publications In Statistics</subfield></datafield><datafield ind1="1" ind2=" " tag="700"><subfield code="a">Girshick, M.A</subfield></datafield><datafield ind1=" " ind2=" " tag="852"><subfield code="a">13719</subfield><subfield code="c">519.283</subfield></datafield><datafield ind1=" " ind2=" " tag="CAT"><subfield code="a">Sys</subfield><subfield code="c">20130806</subfield><subfield code="h">114239</subfield></datafield></record></collection>